@misc{ref1,
    Author = {SwissMEM},
    Note = {\url{https://www.swissmem.ch/industrie-politik/energie-und-umwelt/fakten.html}},
    Title = {{E}nergie und {U}mwelt, {F}ackten},
    Year = {2017}
}
@misc{ref2,
    Author = {SwissMEM},
    Note = {\url{https://www.swissmem.ch/fileadmin/user_upload/Swissmem/Positionspapiere/Positionspapiere%20deutsch/2016/PP_Gruene_Wirtschaft_d.pdf}},
    Title = {{P}ositionspapier, {G}rüne {W}irtschaft},
    Month = {August},
    Year = {2016}
}
@misc{ref3,
    Author = {SwissMEM},
    Note = {\url{https://www.swissmem.ch/fileadmin/user_upload/Swissmem/Positionspapiere/Positionspapiere%20deutsch/2016/PP_Energiepolitik_d.pdf}},
    Title = {{P}ositionspapier, {E}nergiepolitik},
    Month = {August},
    Year = {2016}
}
@misc{ref4,
    Author = {SwissMEM},
    Note = {\url{https://www.swissmem.ch/fileadmin/user_upload/Swissmem/Positionspapiere/Positionspapiere%20deutsch/2016/PP_Klimapolitik_d.pdf}},
    Title = {{P}ositionspapier, {K}limapolitik},
    Month = {August},
    Year = {2016}
}
@misc{ref5,
    Author = {SwissMEM},
    Note = {\url{https://www.swissmem.ch/fileadmin/user_upload/Swissmem/Positionspapiere/Positionspapiere%20deutsch/2016/PP_Umweltpolitik_d.pdf}},
    Title = {{P}ositionspapier, {U}mweltpolitik},
    Month = {August},
    Year = {2016}
}
@misc{ref6,
    Author = {BAFU},
    Note = {\url{http://www.bafu.admin.ch/klima/13879/13880/index.html?lang=de&download=NHzLpZeg7t,lnp6I0NTU042l2Z6ln1acy4Zn4Z2qZpnO2Yuq2Z6gpJCHdoN,gmym162epYbg2c_JjKbNoKSn6A--}},
    Title = {{K}enngrössen zur {E}ntwicklung der {T}reibhausgasemissionen in der {S}chweiz},
    Month = {Juni},
    Year = {2015}
}
@misc{ref7,
    Author = {SwissMEM},
    Note = {\url{https://www.swissmem.ch/news/news/swissmem-energie-und-co2-statistik.html}},
    Title = {{E}nergie und {CO2} {S}tatistik},
    Month = {Juni},
    Year = {2014}
}
@misc{ref8,
    Author = {Güdel {A}{G}},
    Title = {{G}as und {S}tromverbrauch},
    Year = {2015}
}
@misc{ref9,
    Author = {Güdel {A}{G}},
    Title = {{A}uszug aus dem {P}rozesshandbuch},
    Month = {November},
    Year = {2015}
}
@misc{ref10,
    Author = {Altola},
    Title = {{E}ntsorgungsbescheinigung},
    Month = {Januar},
    Year = {2017}
}
@misc{ref11,
    Author = {Wikipedia},
    Note = {\url{https://en.wikipedia.org/wiki/Greenhouse_gas_emissions_by_the_United_States}},
    Title = {{G}reenhouse gas emissions by the {U}nited {S}tates --- {W}ikipedia{,} {D}ie freie {E}nzyklop{\"a}die},
    Year = {2017}
}
@misc{ref12,                                                                    
    Author = {Zhu Liu},                                                       
    Note = {\url{http://www.belfercenter.org/sites/default/files/files/publication/carbon-emissions-report-2015-final.pdf}},
    Title = {{C}hina’s {C}arbon {E}missions {R}eport 2015},
    Month = {Mai},
    Year = {2015}                                                               
}
